% literatura a další zdroje

% příklad
@book{harry,
	hyphenation = {czech},
	author = {J.K. ROWLING},
	title = {Harry Potter a vězeň z Azkabanu},
	translator = {Pavel MEDEK},
	publisher = {Albatros},
	year = {2001},
	organization = {Klub mladých čtenářů (Albatros)},
	edition = {1},
	address = {Praha},
	pages = {383},
	ISBN = {80-00-00951-X},
}
